<record xmlns="http://www.loc.gov/MARC21/slim" xmlns:xsi="http://www.w3.org/2001/XMLSchema-instance" xsi:schemaLocation="http://www.loc.gov/MARC21/slim http://www.loc.gov/standards/marcxml/schema/MARC21slim.xsd"><leader>01141nz   2200181n  4500</leader><controlfield tag="001">oca03896537 </controlfield><controlfield tag="005">19950811052901.5</controlfield><controlfield tag="008">950809n| acannaab|          |a aaa     c</controlfield><datafield ind1=" " ind2=" " tag="010"><subfield code="a">nr 95029283 </subfield></datafield><datafield ind1=" " ind2=" " tag="040"><subfield code="a">NNC</subfield><subfield code="c">NNC</subfield></datafield><datafield ind1="1" ind2=" " tag="100"><subfield code="a">Gellius, Cn.,</subfield><subfield code="d">fl. 154-134 B.C.</subfield></datafield><datafield ind1="1" ind2=" " tag="400"><subfield code="a">Gellius, Gnaeus,</subfield><subfield code="d">fl. 154-134 B.C.</subfield></datafield><datafield ind1=" " ind2=" " tag="670"><subfield code="a">His Annales [CF] 1991:</subfield><subfield code="b">PHI CD ROM #5.3, Latin Canon, bibliographic screen (Cn. Gellius)</subfield></datafield><datafield ind1=" " ind2=" " tag="670"><subfield code="a">Pauly-Wissowa:</subfield><subfield code="b">13. Halbbd., col. 998-1000; "Gellius", #4 (Cn. Gellius; cited in a speech by Cato, and listed as master of the mint 154-134 B.C.; also identified with Cn. Gellius the annalist who is cited as a source for the ludi saeculae of 146 B.C.)</subfield></datafield><datafield ind1=" " ind2=" " tag="670"><subfield code="a">Peter, H. Historiorum romanorum reliquiae, 1914:</subfield><subfield code="b">p. cciv-ccx (Cn. Gelllius; historian, active between 154-134 B.C.)</subfield></datafield><datafield ind1=" " ind2=" " tag="670"><subfield code="a">Oxford class. dict., 1st ed.:</subfield><subfield code="b">p. 381-382 (Gellius, Gnaeus; the Gracchan annalist)</subfield></datafield><datafield ind1=" " ind2=" " tag="670"><subfield code="a">Dict. of Greek and Roman biography and mythology, 1967:</subfield><subfield code="b">v. 2, p. 235 (Gellius, Cn.; a contemporary of the Gracchi, was the author of a historyof Rome from the earliest epoch to the year B.C. 145 at least)</subfield></datafield><datafield ind1=" " ind2=" " tag="675"><subfield code="a">NUC pre-56.</subfield></datafield></record>